<?xml version="1.0" encoding="UTF-8"?><collection xmlns="http://www.loc.gov/MARC21/slim"><record><leader>00537nam--2200193-i-4500</leader><controlfield tag="001">000014175</controlfield><controlfield tag="002">20161230</controlfield><controlfield tag="005">20161230201030</controlfield><controlfield tag="008">060222s1000------------r-----000-0-eng-d</controlfield><datafield ind1=" " ind2=" " tag="020"><subfield code="a">0120651807</subfield></datafield><datafield ind1=" " ind2=" " tag="040"><subfield code="a">IFIN-HH</subfield></datafield><datafield ind1=" " ind2=" " tag="080"><subfield code="a">535.8:535-34:534</subfield></datafield><datafield ind1="1" ind2=" " tag="100"><subfield code="a">Ash, Eric A</subfield></datafield><datafield ind1="1" ind2="0" tag="245"><subfield code="a">Scanned image microscopy</subfield><subfield code="c">ERIC A. ASH (Ed.)</subfield></datafield><datafield ind1=" " ind2=" " tag="260"><subfield code="a">SAN FRANCISCO</subfield><subfield code="b">Academic Press</subfield><subfield code="c">1980</subfield></datafield><datafield ind1=" " ind2=" " tag="300"><subfield code="a">XV + 461 P</subfield></datafield><datafield ind1=" " ind2=" " tag="490"><subfield code="a">The Rank Prize Funds Opto-electronics Biennial Symposia</subfield></datafield><datafield ind1=" " ind2=" " tag="852"><subfield code="a">70128</subfield><subfield code="c">535</subfield></datafield><datafield ind1=" " ind2=" " tag="CAT"><subfield code="a">Sys</subfield><subfield code="c">20101124</subfield><subfield code="h">132812</subfield></datafield></record></collection>